<record xmlns="http://www.loc.gov/MARC21/slim" xmlns:xsi="http://www.w3.org/2001/XMLSchema-instance" xsi:schemaLocation="http://www.loc.gov/MARC21/slim http://www.loc.gov/standards/marcxml/schema/MARC21slim.xsd"><leader>     nam a22        4500</leader><controlfield tag="001">7164986</controlfield><controlfield tag="003">NIC</controlfield><controlfield tag="006">m        d        </controlfield><controlfield tag="007">cr cn |||m|||a</controlfield><controlfield tag="008">150323q19001993sy      ob    000 0 arard</controlfield><datafield ind1=" " ind2=" " tag="040"><subfield code="a">NNU</subfield><subfield code="b">eng</subfield><subfield code="e">rda</subfield><subfield code="c">NNU</subfield></datafield><datafield ind1=" " ind2="4" tag="050"><subfield code="a">BP80.I25</subfield><subfield code="b">D43 1900z</subfield></datafield><datafield ind1="1" ind2=" " tag="100"><subfield code="6">880-01</subfield><subfield code="a">Dhahabi&#772;, Muh&#803;ammad ibn Ah&#803;mad,</subfield><subfield code="d">1274-1348.</subfield></datafield><datafield ind1="1" ind2="0" tag="245"><subfield code="6">880-02</subfield><subfield code="a">Tarjamat al-Ima&#772;m Ah&#803;mad 164-241 :</subfield><subfield code="b">min Ta&#772;ri&#772;kh al-Isla&#772;m /</subfield><subfield code="c">lil-H&#803;afi&#772;z&#803; al-Dhahabi&#772;.</subfield></datafield><datafield ind1="3" ind2=" " tag="246"><subfield code="6">880-03</subfield><subfield code="a">Ta&#772;ri&#772;kh al-Isla&#772;m</subfield></datafield><datafield ind1=" " ind2=" " tag="260"><subfield code="6">880-04</subfield><subfield code="a">H&#803;alab :</subfield><subfield code="b">Da&#772;r al-Wa&#699;y,</subfield><subfield code="c">[19--?]</subfield></datafield><datafield ind1=" " ind2=" " tag="300"><subfield code="a">online resource (78, [2] pages)</subfield></datafield><datafield ind1=" " ind2=" " tag="336"><subfield code="a">text</subfield><subfield code="2">rdacontent</subfield></datafield><datafield ind1=" " ind2=" " tag="337"><subfield code="a">computer</subfield><subfield code="2">rdamedia</subfield></datafield><datafield ind1=" " ind2=" " tag="338"><subfield code="a">online resource</subfield><subfield code="2">rdacarrier</subfield></datafield><datafield ind1=" " ind2=" " tag="500"><subfield code="a">A selection from the author's Ta&#772;ri&#772;kh al-Isla&#772;m.</subfield></datafield><datafield ind1=" " ind2=" " tag="500"><subfield code="a">Part of the Arabic Collections Online (ACO) project, contributed by Cornell University Libraries.</subfield></datafield><datafield ind1=" " ind2=" " tag="504"><subfield code="a">Includes bibliographical references (page 79).</subfield></datafield><datafield ind1=" " ind2=" " tag="533"><subfield code="a">Electronic reproduction.</subfield><subfield code="b">New York, N.Y. :</subfield><subfield code="c">New York University,</subfield><subfield code="d">2015.</subfield><subfield code="5">NNU</subfield></datafield><datafield ind1="1" ind2="0" tag="600"><subfield code="6">880-05</subfield><subfield code="a">Ibn H&#803;anbal, Ah&#803;mad ibn Muh&#803;ammad,</subfield><subfield code="d">780-855.</subfield></datafield><datafield ind1="1" ind2="7" tag="600"><subfield code="a">Ibn H&#803;anbal, Ah&#803;mad ibn Muh&#803;ammad,</subfield><subfield code="d">780-855</subfield><subfield code="2">fast</subfield><subfield code="0">(OCoLC)fst00098601</subfield></datafield><datafield ind1="2" ind2=" " tag="710"><subfield code="a">Cornell University.</subfield><subfield code="b">Libraries.</subfield></datafield><datafield ind1="0" ind2=" " tag="730"><subfield code="a">Arabic Collections Online.</subfield></datafield><datafield ind1="0" ind2="8" tag="776"><subfield code="i">Print version:</subfield><subfield code="a">Dhahabi&#772;, Muh&#803;ammad ibn Ah&#803;mad, 1274-1348.</subfield><subfield code="t">Tarjamat al-Ima&#772;m Ah&#803;mad 164-241</subfield><subfield code="w">(NIC)7164986</subfield><subfield code="w">(OCoLC)30408473</subfield></datafield><datafield ind1="4" ind2="0" tag="856"><subfield code="u">http://hdl.handle.net/2333.1/z34tmrx2</subfield></datafield><datafield ind1="1" ind2=" " tag="880"><subfield code="6">100-01/r</subfield><subfield code="a">&#1584;&#1607;&#1576;&#1610;&#1548; &#1605;&#1581;&#1605;&#1583; &#1576;&#1606; &#1575;&#1581;&#1605;&#1583;&#1548;</subfield><subfield code="d">1274-1348.</subfield></datafield><datafield ind1="1" ind2="0" tag="880"><subfield code="6">245-02/r</subfield><subfield code="a">&#1578;&#1585;&#1580;&#1605;&#1577; &#1575;&#1604;&#1573;&#1605;&#1575;&#1605; &#1571;&#1581;&#1605;&#1583; :</subfield><subfield code="b">&#1605;&#1606; &#1578;&#1575;&#1585;&#1610;&#1582; &#1575;&#1604;&#1573;&#1587;&#1604;&#1575;&#1605; /</subfield><subfield code="c">&#1604;&#1604;&#1584;&#1607;&#1576;&#1609;.</subfield></datafield><datafield ind1="3" ind2=" " tag="880"><subfield code="6">246-03/r</subfield><subfield code="a">&#1578;&#1575;&#1585;&#1610;&#1582; &#1575;&#1604;&#1575;&#1587;&#1604;&#1575;&#1605;</subfield></datafield><datafield ind1=" " ind2=" " tag="880"><subfield code="6">260-04/r</subfield><subfield code="a">&#1581;&#1604;&#1576; :</subfield><subfield code="b">&#1583;&#1575;&#1585; &#1575;&#1604;&#1608;&#1593;&#1610;&#1548;</subfield><subfield code="c">[19--?]</subfield></datafield><datafield ind1="1" ind2="4" tag="880"><subfield code="6">600-05/r</subfield><subfield code="a">&#1575;&#1576;&#1606; &#1581;&#1606;&#1576;&#1604;&#1548; &#1575;&#1581;&#1605;&#1583; &#1576;&#1606; &#1605;&#1581;&#1605;&#1583;&#1548;</subfield><subfield code="d">780-855.</subfield></datafield><datafield ind1=" " ind2=" " tag="959"><subfield code="a">NNU</subfield><subfield code="b">WEB</subfield><subfield code="c">GENI</subfield><subfield code="t">0</subfield><subfield code="m">Electronic access</subfield><subfield code="s">01</subfield></datafield><datafield ind1=" " ind2=" " tag="999"><subfield code="i">NIC_7164986</subfield><subfield code="o">(OCoLC)ocm30408473</subfield><subfield code="s">cornell_aco000336</subfield><subfield code="e">(ERROR-880)</subfield><subfield code="s">cornell_aco000336</subfield></datafield></record>